%% This BibTeX bibliography file was created using BibDesk.
%% https://bibdesk.sourceforge.io/

%% Created for Ralf Herbrich at 2022-07-13 17:33:31 +0200 


%% Saved with string encoding Unicode (UTF-8) 



@inproceedings{KimZhaLi2013h,
	author = {Kim, Yongtae and Zhang, Yong and Li, Peng},
	booktitle = {{IEEE} International Conference on Computer-Aided Design ({ICCAD})},
	date-added = {2022-07-13 17:33:30 +0200},
	date-modified = {2022-07-13 17:33:30 +0200},
	pages = {130--137},
	title = {An energy efficient approximate adder with carry skip for error resilient neuromorphic {VLSI} systems},
	year = {2013}}

@article{XuMytKim2022a,
	author = {Xu, Qiang and Mytkowicz, Todd and Kim, Nam Sung},
	date-added = {2022-07-12 16:25:13 +0200},
	date-modified = {2022-07-12 16:36:54 +0200},
	journal = {{IEEE} Design and Test},
	number = {1},
	pages = {8--22},
	title = {Approximate Computing: A Survey},
	volume = {33},
	year = {2016}}

@book{HamVraZak2012i,
	author = {Hamacher, Carl and Vranesic, Zvonko and Zaky, Safwat and Manjikian, Naraig},
	date-added = {2022-07-11 21:32:40 +0200},
	date-modified = {2022-07-11 21:32:40 +0200},
	edition = {Sixth},
	publisher = {McGraw Hill},
	title = {Computer Organization and Embedded Systems},
	year = {2012}}
